<?xml version="1.0" encoding="UTF-8"?><record xmlns="http://www.loc.gov/MARC21/slim" xmlns:cinclude="http://apache.org/cocoon/include/1.0" xmlns:zs="http://www.loc.gov/zing/srw/">
  <leader>00511cz  a2200169n  4500</leader>
  <controlfield tag="001">no2006000484</controlfield>
  <controlfield tag="003">DLC</controlfield>
  <controlfield tag="005">20130323091743.0</controlfield>
  <controlfield tag="008">050901n| azannaabn          |a aaa     c</controlfield>
  <datafield tag="010" ind1=" " ind2=" ">
    <subfield code="a">no2006000484</subfield>
  </datafield>
  <datafield tag="035" ind1=" " ind2=" ">
    <subfield code="a">(OCoLC)oca06818486</subfield>
  </datafield>
  <datafield tag="040" ind1=" " ind2=" ">
    <subfield code="a">TxCM</subfield>
    <subfield code="b">eng</subfield>
    <subfield code="e">rda</subfield>
    <subfield code="c">TxCM</subfield>
    <subfield code="d">DLC</subfield>
  </datafield>
  <datafield tag="100" ind1="1" ind2=" ">
    <subfield code="a">Fühmann, Franz.</subfield>
    <subfield code="t">Prose works.</subfield>
    <subfield code="k">Selections.</subfield>
    <subfield code="l">Russian</subfield>
  </datafield>
  <datafield tag="377" ind1=" " ind2=" ">
    <subfield code="a">rus</subfield>
  </datafield>
  <datafield tag="400" ind1="1" ind2=" ">
    <subfield code="a">Fühmann, Franz.</subfield>
    <subfield code="t">Polovina zhizni</subfield>
  </datafield>
  <datafield tag="400" ind1="1" ind2=" ">
    <subfield code="w">nnea</subfield>
    <subfield code="a">Fühmann, Franz.</subfield>
    <subfield code="t">Prose works.</subfield>
    <subfield code="l">Russian.</subfield>
    <subfield code="k">Selections</subfield>
  </datafield>
  <datafield tag="670" ind1=" " ind2=" ">
    <subfield code="a">Polovina zhizni, 1982.</subfield>
  </datafield>
</record>